<record><leader>00000cas a22000007a 4500</leader><controlfield tag="001">35239896</controlfield><controlfield tag="008">960814d1907191uokuwr n       0    0eng d</controlfield><datafield ind1=" " ind2=" " tag="010"><subfield code="a">sn 96093897 </subfield></datafield><datafield ind1=" " ind2=" " tag="040"><subfield code="a">OBN</subfield><subfield code="b">eng</subfield><subfield code="c">OBN</subfield><subfield code="d">OCLCQ</subfield><subfield code="d">OCLCF</subfield><subfield code="d">OCLCO</subfield></datafield><datafield ind1="1" ind2=" " tag="029"><subfield code="a">AU@</subfield><subfield code="b">000012746238</subfield></datafield><datafield ind1=" " ind2=" " tag="042"><subfield code="a">msc</subfield></datafield><datafield ind1=" " ind2=" " tag="043"><subfield code="a">n-us-ok</subfield></datafield><datafield ind1="0" ind2="0" tag="245"><subfield code="a">Kingfisher weekly star and free press.</subfield></datafield><datafield ind1="3" ind2=" " tag="246"><subfield code="a">Kingfisher star</subfield></datafield><datafield ind1=" " ind2=" " tag="260"><subfield code="a">Kingfisher, Okla. :</subfield><subfield code="b">M.L. Webb</subfield></datafield><datafield ind1=" " ind2=" " tag="300"><subfield code="a">v.</subfield></datafield><datafield ind1=" " ind2=" " tag="310"><subfield code="a">Weekly</subfield></datafield><datafield ind1="1" ind2=" " tag="362"><subfield code="a">Began in Apr. 1907.</subfield></datafield><datafield ind1=" " ind2=" " tag="580"><subfield code="a">Daily ed.: Kingfisher daily free press, 1913-</subfield></datafield><datafield ind1=" " ind2=" " tag="588"><subfield code="a">Description based on: Vol. 19, no. 17 (June 20, 1907).</subfield></datafield><datafield ind1=" " ind2="0" tag="651"><subfield code="a">Kingfisher (Okla.)</subfield><subfield code="v">Newspapers.</subfield></datafield><datafield ind1=" " ind2="0" tag="651"><subfield code="a">Kingfisher County (Okla.)</subfield><subfield code="v">Newspapers.</subfield></datafield><datafield ind1=" " ind2="7" tag="655"><subfield code="a">Newspapers.</subfield><subfield code="2">fast</subfield><subfield code="0">(OCoLC)fst01423814</subfield></datafield><datafield ind1=" " ind2="7" tag="651"><subfield code="a">Oklahoma</subfield><subfield code="z">Kingfisher.</subfield><subfield code="2">fast</subfield><subfield code="0">(OCoLC)fst01221397</subfield></datafield><datafield ind1=" " ind2="7" tag="651"><subfield code="a">Oklahoma</subfield><subfield code="z">Kingfisher County.</subfield><subfield code="2">fast</subfield><subfield code="0">(OCoLC)fst01219314</subfield></datafield><datafield ind1=" " ind2=" " tag="752"><subfield code="a">United States</subfield><subfield code="b">Oklahoma</subfield><subfield code="c">Kingfisher</subfield><subfield code="d">Kingfisher.</subfield></datafield><datafield ind1="0" ind2=" " tag="775"><subfield code="t">Kingfisher daily free press</subfield><subfield code="w">(DLC)sn 96093899</subfield><subfield code="w">(OCoLC)35240044</subfield></datafield><datafield ind1="0" ind2="4" tag="780"><subfield code="t">Kingfisher weekly star</subfield><subfield code="w">(DLC)sn 96093845</subfield><subfield code="w">(OCoLC)35209492</subfield></datafield><datafield ind1="0" ind2="4" tag="780"><subfield code="t">Kingfisher free press (Kingfisher, Okla. : 1891)</subfield><subfield code="w">(DLC)sn 86064092</subfield><subfield code="w">(OCoLC)13756451</subfield></datafield><datafield ind1="0" ind2="0" tag="785"><subfield code="t">Kingfisher weekly free press</subfield><subfield code="w">(DLC)sn 96093898</subfield><subfield code="w">(OCoLC)35239985</subfield></datafield></record>